@book{axler2014linear,
  title={Linear algebra done right},
  author={Axler, Sheldon},
  year={2014},
  publisher={Springer}
}

@book{algebra1971kenneth,
  title={Kenneth Hoffman and Ray Kunze},
  author={Algebra, Linear},
  year={1971},
  publisher={Prentice Hall, Englewood Cliffs, New Jersey}
}

@article{pulino2012algebra,
  title={Algebra Linear e suas Aplica{\c{c}}oes Notas de Aula},
  author={Pulino, Petronio},
  journal={Campinas: Universidade Estadual de Campinas},
  year={2012}
}

@book{coelho2001curso,
  title={Curso de {\'A}lgebra Linear, Um Vol. 34},
  author={Coelho, Fl{\'a}vio Ulhoa},
  year={2001},
  publisher={Edusp}
}
